<record><leader>00000cas a22000007a 4500</leader><controlfield tag="001">20311886</controlfield><controlfield tag="008">890907c19369999iduwr ne      0    0eng d</controlfield><datafield ind1=" " ind2=" " tag="010"><subfield code="a">sn 89055197 </subfield></datafield><datafield ind1=" " ind2=" " tag="040"><subfield code="a">NVB</subfield><subfield code="b">eng</subfield><subfield code="c">NVB</subfield><subfield code="d">OCLCQ</subfield></datafield><datafield ind1=" " ind2=" " tag="043"><subfield code="a">n-us-id</subfield></datafield><datafield ind1="0" ind2=" " tag="130"><subfield code="a">Independent-enterprise (Payette, Idaho)</subfield></datafield><datafield ind1="1" ind2="0" tag="245"><subfield code="a">Independent-enterprise.</subfield></datafield><datafield ind1=" " ind2=" " tag="260"><subfield code="a">Payette, Idaho :</subfield><subfield code="b">George Whorton</subfield></datafield><datafield ind1=" " ind2=" " tag="300"><subfield code="a">v.</subfield></datafield><datafield ind1=" " ind2=" " tag="310"><subfield code="a">Weekly</subfield></datafield><datafield ind1="0" ind2=" " tag="362"><subfield code="a">Vol. 45, no. 41 (Jan. 2, 1936)-</subfield></datafield><datafield ind1=" " ind2="0" tag="651"><subfield code="a">Payette (Idaho)</subfield><subfield code="v">Newspapers.</subfield></datafield><datafield ind1=" " ind2=" " tag="752"><subfield code="a">United States</subfield><subfield code="b">Idaho</subfield><subfield code="c">Payette</subfield><subfield code="d">Payette.</subfield></datafield><datafield ind1="0" ind2="4" tag="780"><subfield code="t">Payette independent</subfield><subfield code="w">(DLC)sn 89055198</subfield></datafield><datafield ind1="0" ind2="4" tag="780"><subfield code="t">Payette enterprise</subfield><subfield code="w">(DLC)sn 89055199</subfield></datafield></record>